@IEEEtranBSTCTL{IEEEexample:BSTcontrol,
CTLdash_repeated_names = "no",
}
